<?xml version="1.0" encoding="UTF-8"?><record xmlns="http://www.loc.gov/MARC21/slim" xmlns:cinclude="http://apache.org/cocoon/include/1.0" xmlns:zs="http://www.loc.gov/zing/srw/">
  <leader>00426nz  a2200121n  4500</leader>
  <controlfield tag="001">n 2006075910</controlfield>
  <controlfield tag="003">DLC</controlfield>
  <controlfield tag="005">20061003074941.0</controlfield>
  <controlfield tag="008">061002n| acannaabn          |n aaa      </controlfield>
  <datafield tag="010" ind1=" " ind2=" ">
    <subfield code="a">n 2006075910</subfield>
  </datafield>
  <datafield tag="040" ind1=" " ind2=" ">
    <subfield code="a">DLC</subfield>
    <subfield code="b">eng</subfield>
    <subfield code="c">DLC</subfield>
  </datafield>
  <datafield tag="100" ind1="1" ind2=" ">
    <subfield code="a">Lundberg, Thomas Carl,</subfield>
    <subfield code="d">1967-</subfield>
  </datafield>
  <datafield tag="670" ind1=" " ind2=" ">
    <subfield code="a">Lundberg, Thomas Carl. Proportional representation and the constituency role in Britain, 2007:</subfield>
    <subfield code="b">CIP t.p. (Thomas Carl Lundberg) datasheet (b. June 3, 1967)</subfield>
  </datafield>
</record>